@misc{wikipic,
TITLE		="Knapsack problem picture",
AUTHOR          ="Wikipedia",
HOWPUBLISHED    ="\url{http://en.wikipedia.org/wiki/File:Knapsack.svg}",
YEAR            ="2010-09-14"
}

@misc{powerset,
TITLE           ="Power Set",
AUTHOR          ="MathIsFun",
HOWPUBLISHED    ="\url{http://www.mathsisfun.com/sets/power-set.html}",
YEAR            ="2010-09-14"
}


@misc{slides,
TITLE		="Dynamic Programming",
NOTE          ="Lecture Slides",
YEAR            ="2010-09-14"
}

@book{Tardos,
author		    = "Jon Kleinberg & Ã‰va Tardos",
title		   	 = "Algorithm Design",
publisher	    = "Pearson Education, Inc",
year		   	 = "2006",
edition		    = "International edition"
}

@book{Gersting,
author		    = "Judit L. Gersting",
title		   	 = "Mathematical structures for computer science, A modern approach to discrete mathematics",
publisher	    = "W.H. Freeman and Company",
year		   	 = "2003",
edition		    = "Sixth"
}

